%%%%%%%%%%%%%%%%%%%%%%%%%%%%%%%%%%%%%%%%%%%%%%%%%%%%%%%%%%%%%%%%%%%%%%%%%%%%%%%%
% TECHREPORT
%%%%%%%%%%%%%%%%%%%%%%%%%%%%%%%%%%%%%%%%%%%%%%%%%%%%%%%%%%%%%%%%%%%%%%%%%%%%%%%%

@inproceedings{Xu:2013:CTS:2491627.2491650,
	author = {Xu, Zhihong and Cohen, Myra B. and Motycka, Wayne and Rothermel, Gregg},
	title = {Continuous Test Suite Augmentation in Software Product Lines},
	booktitle = {Proceedings of the 17th International Software Product Line Conference},
	series = {SPLC '13},
	year = {2013},
	isbn = {978-1-4503-1968-3},
	location = {Tokyo, Japan},
	pages = {52--61},
	numpages = {10},
	url = {http://doi.acm.org/10.1145/2491627.2491650},
	doi = {10.1145/2491627.2491650},
	acmid = {2491650},
	publisher = {ACM},
	address = {New York, NY, USA},
	keywords = {software product lines, software testing, test generation},
} 

@techreport{Kang1990,
  added-at = {2007-09-25T21:44:52.000+0200},
  author = {Kang, K. C. and Cohen, S. G. and Hess, J. A. and Novak, W. E. and Peterson, A. S.},
  biburl = {http://www.bibsonomy.org/bibtex/21910de1c3156c3a5821385760069cc52/tommens},
  description = {software evolution bibliography},
  institution = {Carnegie-Mellon University Software Engineering Institute},
  interhash = {7d9a7ab3a80077c31cfd2a83150d5b3f},
  intrahash = {1910de1c3156c3a5821385760069cc52},
  keywords = {analysis domain},
  month = {November},
  timestamp = {2007-09-25T21:44:52.000+0200},
  title = {Feature-Oriented Domain Analysis (FODA) Feasibility Study},
  year = 1990
}

%%%%%%%%%%%%%%%%%%%%%%%%%%%%%%%%%%%%%%%%%%%%%%%%%%%%%%%%%%%%%%%%%%%%%%%%%%%%%%%%
% BOOKS
%%%%%%%%%%%%%%%%%%%%%%%%%%%%%%%%%%%%%%%%%%%%%%%%%%%%%%%%%%%%%%%%%%%%%%%%%%%%%%%%

@book{kaariainen2011towards,
  title={Towards an Application Lifecycle Management Framework},
  author={K{\"a}{\"a}ri{\"a}inen, J. and Valtion teknillinen tutkimuskeskus},
  isbn={9789513877286},
  series={VTT julkaisuja},
  url={http://books.google.com.br/books?id=LRkcMwEACAAJ},
  year={2011},
  publisher={VTT}
}

@INBOOk{CavalcantiInTech2012,
  title = {{Software Product Line - Advanced Topic}},
  author = {Yguaratã Cerqueira Cavalcanti and Ivan do Carmo Machado and 
            Paulo Anselmo da Mota Silveira Neto and Luanna Lopes Lobato},
  year = {2012},
  publisher = {InTech},
  chapter = {Handling Variability and Traceability over SPL Disciplines},
  month = {April},
  editor = {Abdelrahman Osman Elfaki},
  pages = {3-22},
  isbn = {9789535104360},
  url = {http://www.intechopen.com/books/software-product-line-advanced-topic}
}

%%%%%%%%%%%%%%%%%%%%%%%%%%%%%%%%%%%%%%%%%%%%%%%%%%%%%%%%%%%%%%%%%%%%%%%%%%%%%%%%
% ARTICLES
%%%%%%%%%%%%%%%%%%%%%%%%%%%%%%%%%%%%%%%%%%%%%%%%%%%%%%%%%%%%%%%%%%%%%%%%%%%%%%%%

@article{Sanders2008,
 author = {Sanders, Ian D. and Langford, Sasha},
 title = {Students' Perceptions of Python As a First Programming Language at Wits},
 journal = {SIGCSE Bull.},
 issue_date = {September 2008},
 volume = {40},
 number = {3},
 month = jun,
 year = {2008},
 issn = {0097-8418},
 pages = {365--365},
 numpages = {1},
 url = {http://doi.acm.org.offcampus.lib.washington.edu/10.1145/1597849.1384407},
 doi = {10.1145/1597849.1384407},
 acmid = {1384407},
 publisher = {ACM},
 address = {New York, NY, USA},
 keywords = {first programming language, student perceptions},
} 

%%%%%%%%%%%%%%%%%%%%%%%%%%%%%%%%%%%%%%%%%%%%%%%%%%%%%%%%%%%%%%%%%%%%%%%%%%%%%%%%
% INPROCEEDINGS
%%%%%%%%%%%%%%%%%%%%%%%%%%%%%%%%%%%%%%%%%%%%%%%%%%%%%%%%%%%%%%%%%%%%%%%%%%%%%%%%

@inproceedings{Dhungana2007,
 author = {Dhungana, Deepak and Rabiser, Rick and Gr\"{u}nbacher, Paul and Neumayer, Thomas},
 title = {Integrated Tool Support for Software Product Line Engineering},
 booktitle = {Proceedings of the Twenty-second IEEE/ACM International Conference on Automated Software Engineering},
 series = {ASE '07},
 year = {2007},
 isbn = {978-1-59593-882-4},
 location = {Atlanta, Georgia, USA},
 pages = {533--534},
 numpages = {2},
 url = {http://doi.acm.org.offcampus.lib.washington.edu/10.1145/1321631.1321730},
 doi = {10.1145/1321631.1321730},
 acmid = {1321730},
 publisher = {ACM},
 address = {New York, NY, USA},
 keywords = {model evolution, multi-team modeling, product derivation, product line engineering, product line tools, variability modeling},
} 

@article{Chhibber1992,
title = "A taxonomy of issues related to the use of expert judgments in probabilistic safety studies ",
journal = "Reliability Engineering  System Safety ",
volume = "38",
number = "1–2",
pages = "27 - 45",
year = "1992",
note = "",
issn = "0951-8320",
doi = "http://dx.doi.org/10.1016/0951-8320(92)90103-R",
url = "http://www.sciencedirect.com/science/article/pii/095183209290103R",
author = "Sumeet Chhibber and George Apostolakis and David Okrent"
}

@incollection{Kitchenham2008,
year={2008},
isbn={978-1-84800-043-8},
booktitle={Guide to Advanced Empirical Software Engineering},
editor={Shull, Forrest and Singer, Janice and Sjøberg, DagI.K.},
doi={10.1007/978-1-84800-044-5_3},
title={Personal Opinion Surveys},
url={http://dx.doi.org/10.1007/978-1-84800-044-5_3},
publisher={Springer London},
author={Kitchenham, BarbaraA. and Pfleeger, ShariL.},
pages={63-92}
}

%%%%%%%%%%%%%%%%%%%%%%%%%%%%%%%%%%%%%%%%%%%%%%%%%%%%%%%%%%%%%%%%%%%%%%%%%%%%%%%%
% THESIS
%%%%%%%%%%%%%%%%%%%%%%%%%%%%%%%%%%%%%%%%%%%%%%%%%%%%%%%%%%%%%%%%%%%%%%%%%%%%%%%%

 @mscthesis{ribeiro2010,
author = {Heberth Braga Gonçalves Ribeiro},
title = {An Approach to Implement Core Assets in Service-Oriented Product Lines},
school = {CIn - Informatics Center, UFPE - Federal University of Pernambuco},
year = {2010},
type = {M.Sc. Dissertation},
address = {Recife-PE, Brazil}
} 

@MASTERSTHESIS{Moraes2010,
  author = {Moraes, M. B. S. },
  title = {A scoping approach for software product lines},
  school = {Federal University of Pernambuco},
  year = {2010},
  address = {Recife, Pernambuco, Brazil}
}

%%%%%%%%%%%%%%%%%%%%%%%%%%%%%%%%%%%%%%%%%%%%%%%%%%%%%%%%%%%%%%%%%%%%%%%%%%%%%%%%
%   MISC
%%%%%%%%%%%%%%%%%%%%%%%%%%%%%%%%%%%%%%%%%%%%%%%%%%%%%%%%%%%%%%%%%%%%%%%%%%%%%%%%

@misc{Schwaber2006,
    author = {Schwaber, Carey},
    citeulike-article-id = {5836048},
    citeulike-linkout-0 = {http://www.forrester.com/Research/Document/Excerpt/0,7211,37653,00.html},
    day = {18},
    keywords = {alm},
    month = aug,
    posted-at = {2009-09-24 16:01:49},
    priority = {2},
    publisher = {Forrester},
    title = {{The Changing Face Of Application Life-Cycle Management by Carey Schwaber - Forrester Research}},
    url = {http://www.forrester.com/Research/Document/Excerpt/0,7211,37653,00.html},
    year = {2006}
}