%%%%%%%%%%%%%%%%%%%%%%%%%%%%%%%%%%%%%%%%%%%%%%%%%%%%%%%%%%%%%%%%%%%%%%%%%%%%%%%%
% TECHREPORT
%%%%%%%%%%%%%%%%%%%%%%%%%%%%%%%%%%%%%%%%%%%%%%%%%%%%%%%%%%%%%%%%%%%%%%%%%%%%%%%%


%%%%%%%%%%%%%%%%%%%%%%%%%%%%%%%%%%%%%%%%%%%%%%%%%%%%%%%%%%%%%%%%%%%%%%%%%%%%%%%%
% BOOKS
%%%%%%%%%%%%%%%%%%%%%%%%%%%%%%%%%%%%%%%%%%%%%%%%%%%%%%%%%%%%%%%%%%%%%%%%%%%%%%%%


@Inbook{Chin2014,
	author="Chin, Erika
	and Wagner, David",
	editor="Kim, Yongdae
	and Lee, Heejo
	and Perrig, Adrian",
	chapter="Bifocals: Analyzing WebView Vulnerabilities in Android Applications",
	title="Information Security Applications: 14th International Workshop, WISA 2013, Jeju Island, Korea, August 19-21, 2013, Revised Selected Papers",
	year="2014",
	publisher="Springer International Publishing",
	address="Cham",
	pages="138--159",
	isbn="978-3-319-05149-9",
	doi="10.1007/978-3-319-05149-9_9",
}


%%%%%%%%%%%%%%%%%%%%%%%%%%%%%%%%%%%%%%%%%%%%%%%%%%%%%%%%%%%%%%%%%%%%%%%%%%%%%%%%
% ARTICLES
%%%%%%%%%%%%%%%%%%%%%%%%%%%%%%%%%%%%%%%%%%%%%%%%%%%%%%%%%%%%%%%%%%%%%%%%%%%%%%%%


@article{Slone:2007:ITC:1229015.1229023,
	author = {Slone, Debra J.},
	title = {The Impact of Time Constraints on Internet and Web Use: Research Articles},
	journal = {J. Am. Soc. Inf. Sci. Technol.},
	issue_date = {February 2007},
	volume = {58},
	number = {4},
	month = feb,
	year = {2007},
	issn = {1532-2882},
	pages = {508--517},
	numpages = {10},
	doi = {10.1002/asi.v58:4},
	acmid = {1229023},
	publisher = {John Wiley \&amp; Sons, Inc.},
	address = {New York, NY, USA},
	keywords = {Internet, public libraries, search time, user behavior, web usage studies},
}


@article{dehlinger2011mobile,
	title={Mobile application software engineering: Challenges and research directions},
	author={Dehlinger, Josh and Dixon, Jeremy},
	journal={Workshop on Mobile Software Engineering},
	volume={2},
	pages={2--2},
	year={2011}
}


@ARTICLE{6248786, 
	author={K. W. Tracy}, 
	journal={IEEE Potentials}, 
	title={Mobile Application Development Experiences on Apple??s iOS and Android OS}, 
	year={2012}, 
	volume={31}, 
	number={4}, 
	pages={30-34}, 
	keywords={computational complexity;mobile computing;mobile handsets;operating systems (computers);software engineering;Android OS;Apple iOS;Google Android operating system;IEEE mobile application;IEEE.tv content;complexities;iPhone;mobile application deployment;mobile application development experiences;Competitive intelligence;Computer applications;Google;Mobile communication;Performance evaluation;Smart phones}, 
	doi={10.1109/MPOT.2011.2182571}, 
	ISSN={0278-6648}, 
	month={July},}


%%%%%%%%%%%%%%%%%%%%%%%%%%%%%%%%%%%%%%%%%%%%%%%%%%%%%%%%%%%%%%%%%%%%%%%%%%%%%%%%
% INPROCEEDINGS
%%%%%%%%%%%%%%%%%%%%%%%%%%%%%%%%%%%%%%%%%%%%%%%%%%%%%%%%%%%%%%%%%%%%%%%%%%%%%%%%


@inproceedings{Prathibhan-2014,
	title	= { [IEEE 2014 International Conference on Advanced Communication, Control and Computing Technologies (ICACCCT) - Ramanathapuram, India (2014.5.8-2014.5.10)] 2014 IEEE International Conference on Advanced Communications, Control and Computing Technologies - An automated testing framework for testing Android mobile applications in the cloud},
	author	= {Prathibhan, C.Mano; Malini, A.; Venkatesh, N.; Sundarakantham, K.},
	isbn	= {978-1-4799-3914-5,978-1-4799-3913-8,},
	year	= {2014},
	page	= {1216--1219},
}


@inproceedings{Huang-2012,
	title	= { [IEEE 2012 IEEE 4th International Conference on Cloud Computing Technology and Science (CloudCom) - Taipei (2012.12.3-2012.12.6)] 4th IEEE International Conference on Cloud Computing Technology and Science Proceedings - Remote mobile test system: a mobile phone cloud for application testing},
	author	= {Huang, Jun-fei; Gong, Yun-zhan},
	isbn	= {978-1-4673-4510-1,978-1-4673-4511-8,978-1-4673-4509-5,},
	year	= {2012},
	page	= {1--4},
}


@INPROCEEDINGS{6530464, 
	author={Ngu Phuc Huy and Do van Thanh}, 
	booktitle={Computing and Convergence Technology (ICCCT), 2012 7th International Conference on}, 
	title={Developing apps for mobile phones}, 
	year={2012}, 
	pages={907-912}, 
	keywords={mobile computing;smart phones;HTML mobile apps;development cost;mobile phones;mobile widgets;native apps;object recognition;platform-based apps;sale revenue;smartphones;HTML5;Mobile app;developer;mobile Web application;mobile application;mobile widget;object recognition;platform-based application}, 
	month={Dec},}


%%%%%%%%%%%%%%%%%%%%%%%%%%%%%%%%%%%%%%%%%%%%%%%%%%%%%%%%%%%%%%%%%%%%%%%%%%%%%%%%
% THESIS
%%%%%%%%%%%%%%%%%%%%%%%%%%%%%%%%%%%%%%%%%%%%%%%%%%%%%%%%%%%%%%%%%%%%%%%%%%%%%%%%


%%%%%%%%%%%%%%%%%%%%%%%%%%%%%%%%%%%%%%%%%%%%%%%%%%%%%%%%%%%%%%%%%%%%%%%%%%%%%%%%
%   MISC
%%%%%%%%%%%%%%%%%%%%%%%%%%%%%%%%%%%%%%%%%%%%%%%%%%%%%%%%%%%%%%%%%%%%%%%%%%%%%%%%


@misc{Grafico-RedMonk,
	title={Gráfico de linguanges - RedMonk},
	author={RedMonk},
	howpublished = "\url{http://redmonk.com/sogrady/2015/01/14/language-rankings-1-15/}",
	year={2016}
}


@misc{WebhostFace-PHP-Frameworks,
	title={Popular frameworks php 2015},
	author={Webhost Face},
	howpublished = "\url{https://www.webhostface.com/blog/popular-php-frameworks-2015/}",
	year={2016}
}


@misc{GoogleTrends-Front-end-Frameworks,
	title={GoogleTrends - Frameworks Front-ent mais buscados em 2015},
	author={Google},
	howpublished = "\url{https://www.google.com.br/trends/explore#q=%2Fm%2F0j45p7w%2C%20backbone%2C%20ember.js%2C%20%2Fm%2F012l1vxv&date=1%2F2015%2012m&cmpt=q&tz=Etc%2FGMT%2B3}",
	year={2016}
}


@misc{GoogleTrends-Mobile-hybrid-Frameworks,
	title={GoogleTrends - Frameworks mobile híbridos mais buscados em 2015},
	author={Google},
	howpublished = "\url{https://www.google.com.br/trends/explore#q=ionic%2C%20intel%20xdk%2C%20%2Fm%2F06znsr5%2C%20phonegap&date=1%2F2015%2012m&cmpt=q&tz=Etc%2FGMT%2B3}",
	year={2016}
}

